<?xml version="1.0" encoding="UTF-8"?><collection xmlns="http://www.loc.gov/MARC21/slim"><record><leader>00545nam--2200181-i-4500</leader><controlfield tag="001">000007642</controlfield><controlfield tag="002">20161230</controlfield><controlfield tag="005">20161230201027</controlfield><controlfield tag="008">060222s1000------------r-----000-0-eng-d</controlfield><datafield ind1=" " ind2=" " tag="040"><subfield code="a">IFIN-HH</subfield></datafield><datafield ind1=" " ind2=" " tag="080"><subfield code="a">533.9</subfield></datafield><datafield ind1="1" ind2=" " tag="100"><subfield code="a">Bakish, Robert</subfield></datafield><datafield ind1="1" ind2="0" tag="245"><subfield code="a">First international conference on electron and ion beam science and technology</subfield><subfield code="c">Robert bakish (ed.)</subfield></datafield><datafield ind1=" " ind2=" " tag="260"><subfield code="a">New York</subfield><subfield code="b">John Wiley &amp; Sons, Inc</subfield><subfield code="c">1965</subfield></datafield><datafield ind1=" " ind2=" " tag="300"><subfield code="a">XII+945 P</subfield></datafield><datafield ind1=" " ind2=" " tag="490"><subfield code="a">The Electrochemical Society Series</subfield></datafield><datafield ind1=" " ind2=" " tag="852"><subfield code="a">22916</subfield><subfield code="c">537.533.3</subfield></datafield><datafield ind1=" " ind2=" " tag="CAT"><subfield code="a">Sys</subfield><subfield code="c">20110831</subfield><subfield code="h">144443</subfield></datafield></record></collection>